@article{worldhealthorganizationWHOReportGlobal2011,
	title = {{{WHO}} Report on the Global Tobacco Epidemic, 2011: Warning about the Dangers of Tobacco},
	shorttitle = {{{WHO}} Report on the Global Tobacco Epidemic, 2011},
	author = {{World Health Organization}},
	year = {2011},
	publisher = {{World Health Organization}},
	address = {{Geneva}},
	issn = {9789244564264},
	urldate = {2023-01-20},
	chapter = {152 p.},
	langid = {english},
	keywords = {Health Policy,prevention and control,Smoking,Tobacco Smoke Pollution},
	file = {/Users/tony/Zotero/storage/WVXHNLHJ/World Health Organization - 2011 - WHO report on the global tobacco epidemic, 2011 w.pdf}
}

@article{lindsonSmokingReductionInterventions2019,
	title = {Smoking Reduction Interventions for Smoking Cessation},
	author = {Lindson, Nicola and Klemperer, Elias and Hong, Bosun and {Ord{\'o}{\~n}ez-Mena}, Jos{\'e} M and Aveyard, Paul},
	editor = {{Cochrane Tobacco Addiction Group}},
	year = {2019},
	month = sep,
	journal = {Cochrane Database of Systematic Reviews},
	volume = {2019},
	number = {9},
	issn = {14651858},
	doi = {10.1002/14651858.CD013183.pub2},
	urldate = {2022-12-07},
	langid = {english},
	file = {/Users/tony/Zotero/storage/V2LXW6M4/Lindson et al. - 2019 - Smoking reduction interventions for smoking cessat.pdf}
}

@article{wennikeSmokingReductionPromotes2003,
	title = {Smoking Reduction Promotes Smoking Cessation: Results from a Double Blind, Randomized, Placebo-Controlled Trial of Nicotine Gum with 2-Year Follow-up: {{Smoking}} Reduction with Nicotine Gum},
	shorttitle = {Smoking Reduction Promotes Smoking Cessation},
	author = {Wennike, Poul and Danielsson, Tobias and Landfeldt, Bj{\"o}rn and Westin, {\AA}ke and T{\o}nnesen, Philip},
	year = {2003},
	month = oct,
	journal = {Addiction},
	volume = {98},
	number = {10},
	pages = {1395--1402},
	issn = {09652140},
	doi = {10.1046/j.1360-0443.2003.00489.x},
	urldate = {2022-12-07},
	langid = {english},
	file = {/Users/tony/Zotero/storage/QJRJ9FEI/Wennike et al. - 2003 - Smoking reduction promotes smoking cessation resu.pdf}
}

@article{rennardEfficacyNicotineInhaler2006,
	title = {Efficacy of the Nicotine Inhaler in Smoking Reduction: {{A}} Double-Blind, Randomized Trial},
	shorttitle = {Efficacy of the Nicotine Inhaler in Smoking Reduction},
	author = {Rennard, Stephen and Glover, Elbert and Leischow, Scott and Daughton, David and Glover, Penny and Muramoto, Myra and Franzon, Mikael and Danielsson, Tobias and Landfeldt, Bj{\"o}rn and Westin, {\AA}ke},
	year = {2006},
	month = aug,
	journal = {Nicotine \& Tobacco Research},
	volume = {8},
	number = {4},
	pages = {555--564},
	issn = {1462-2203},
	doi = {10.1080/14622200600789916},
	urldate = {2022-12-07},
	langid = {english},
	file = {/Users/tony/Zotero/storage/YX3J7Z8T/Rennard et al. - 2006 - Efficacy of the nicotine inhaler in smoking reduct.pdf}
}

@article{bolligerSmokingReductionOral2000,
	title = {Smoking Reduction with Oral Nicotine Inhalers: Double Blind, Randomised Clinical Trial of Efficacy and Safety},
	shorttitle = {Smoking Reduction with Oral Nicotine Inhalers},
	author = {Bolliger, C. T},
	year = {2000},
	month = aug,
	journal = {BMJ},
	volume = {321},
	number = {7257},
	pages = {329--333},
	issn = {09598138},
	doi = {10.1136/bmj.321.7257.329},
	urldate = {2022-12-07},
	file = {/Users/tony/Zotero/storage/YBEJNWLZ/Bolliger - 2000 - Smoking reduction with oral nicotine inhalers dou.pdf}
}

@article{batraSmokingReductionTreatment2005,
	title = {Smoking Reduction Treatment with 4-Mg Nicotine Gum: {{A}} Double-Blind, Randomized, Placebo-Controlled Study},
	shorttitle = {Smoking Reduction Treatment with 4-Mg Nicotine Gum},
	author = {Batra, A and Klingler, K and Landfeldt, B and Friederich, H and Westin, A and Danielsson, T},
	year = {2005},
	month = dec,
	journal = {Clinical Pharmacology \& Therapeutics},
	volume = {78},
	number = {6},
	pages = {689--696},
	issn = {00099236},
	doi = {10.1016/j.clpt.2005.08.019},
	urldate = {2022-12-07},
	langid = {english},
	file = {/Users/tony/Zotero/storage/WZHYVA6I/Batra et al. - 2005 - Smoking reduction treatment with 4-mg nicotine gum.pdf}
}

@article{hausteinDoubleblindRandomizedPlacebocontrolled2001,
	title = {A Double-Blind, Randomized, Placebo-Controlled Multicentre Trial of a Nicotine Chewing Gum in Smoking Reduction},
	author = {Haustein, K},
	year = {2001},
	journal = {Study ID 980-CHC-9021-0013. Unpublished data.}
}

@article{fagerstromNicotineAddictionIts1990,
	title = {Nicotine Addiction and Its Assessment},
	author = {Fagerstrom, K. O. and Heatherton, T. F. and Kozlowski, L. T.},
	year = {1990},
	month = nov,
	journal = {Ear, Nose, \& Throat Journal},
	volume = {69},
	number = {11},
	pages = {763--765},
	issn = {0145-5613},
	langid = {english},
	pmid = {2276350},
	keywords = {Alcoholism,Humans,Nicotine,Smoking,Smoking Prevention,Substance-Related Disorders,Surveys and Questionnaires}
}

@article{OlufadeEtAl1999,
	title = {Development of the {{Smoking Cessation}} Quality of Life Questionnaire},
	author = {Olufade, Abayomi O. and Shaw, James W. and Foster, Shonda A. and Leischow, Scott J. and Hays, Ron D. and Coons, Stephen Joel},
	year = {1999},
	month = dec,
	journal = {Clinical Therapeutics},
	volume = {21},
	number = {12},
	pages = {2113--2130},
	issn = {01492918},
	doi = {10.1016/S0149-2918(00)87242-2},
	urldate = {2024-03-07},
	langid = {english}
}

@article{MasonGraham2002,
	title = {Areas beneath the Relative Operating Characteristics ({{ROC}}) and Relative Operating Levels ({{ROL}}) Curves: {{Statistical}} Significance and Interpretation},
	shorttitle = {Areas beneath the Relative Operating Characteristics ({{ROC}}) and Relative Operating Levels ({{ROL}}) Curves},
	author = {Mason, S. J. and Graham, N. E.},
	year = {2002},
	month = jul,
	journal = {Quarterly Journal of the Royal Meteorological Society},
	volume = {128},
	number = {584},
	pages = {2145--2166},
	issn = {00000000, 00359009},
	doi = {10.1256/003590002320603584},
	urldate = {2022-10-14},
	file = {/Users/tony/Zotero/storage/TYAN5LJH/Mason and Graham - 2002 - Areas beneath the relative operating characteristi.pdf}
}


@article{WewersEtAl2003,
	title = {Distribution of Daily Smokers by Stage of Change: {{Current}} Population Survey Results},
	shorttitle = {Distribution of Daily Smokers by Stage of Change},
	author = {Wewers, Mary Ellen and Stillman, Frances A and Hartman, Anne M and Shopland, Donald R},
	year = {2003},
	month = jun,
	journal = {Preventive Medicine},
	volume = {36},
	number = {6},
	pages = {710--720},
	issn = {00917435},
	doi = {10.1016/S0091-7435(03)00044-6},
	urldate = {2024-07-19},
	copyright = {https://www.elsevier.com/tdm/userlicense/1.0/},
	langid = {english}
}

@article{ReidEtAl2019,
	title = {Tobacco {{Use}} in {{Canada}}: {{Patterns}} and {{Trends}}, 2019 {{Edition}}},
	author = {Reid, J and Hammond, D and Burkhalter, R and Rynard, V and Douglas, O},
	year = {2019},
	journal = {Waterloo: Propel Centre for Population Health Impact, University of Waterloo}
}
